<record><leader>00000cas a22000007a 4500</leader><controlfield tag="001">17575902</controlfield><controlfield tag="008">880304c19689999lauwr ne      0    0eng d</controlfield><datafield ind1=" " ind2=" " tag="010"><subfield code="a">sn 88064221 </subfield></datafield><datafield ind1=" " ind2=" " tag="040"><subfield code="a">LNP</subfield><subfield code="b">eng</subfield><subfield code="c">LNP</subfield><subfield code="d">OCLCQ</subfield></datafield><datafield ind1=" " ind2=" " tag="042"><subfield code="a">msc</subfield></datafield><datafield ind1="0" ind2="4" tag="245"><subfield code="a">The Mamou Acadian press.</subfield></datafield><datafield ind1="1" ind2="3" tag="246"><subfield code="a">Acadian press</subfield></datafield><datafield ind1=" " ind2=" " tag="260"><subfield code="a">Mamou, La. :</subfield><subfield code="b">Mamou Pub. Co.</subfield></datafield><datafield ind1=" " ind2=" " tag="310"><subfield code="a">Weekly</subfield></datafield><datafield ind1="0" ind2=" " tag="362"><subfield code="a">Vol. 1, no. 46 (Jan. 11, 1968)-</subfield></datafield><datafield ind1=" " ind2=" " tag="752"><subfield code="a">United States</subfield><subfield code="b">Louisiana</subfield><subfield code="c">Evangeline</subfield><subfield code="d">Mamou.</subfield></datafield><datafield ind1="0" ind2="0" tag="780"><subfield code="t">Acadian press</subfield><subfield code="w">(DLC)sn 88064220</subfield></datafield></record>